<?xml version="1.0" encoding="UTF-8"?><record xmlns="http://www.loc.gov/MARC21/slim" xmlns:cinclude="http://apache.org/cocoon/include/1.0" xmlns:zs="http://www.loc.gov/zing/srw/">
  <leader>00638nz  a2200121n  4500</leader>
  <controlfield tag="001">n 2005049198</controlfield>
  <controlfield tag="003">DLC</controlfield>
  <controlfield tag="005">20050706100023.0</controlfield>
  <controlfield tag="008">050706n| acannaabn          |n aaa      </controlfield>
  <datafield tag="010" ind1=" " ind2=" ">
    <subfield code="a">n 2005049198</subfield>
  </datafield>
  <datafield tag="040" ind1=" " ind2=" ">
    <subfield code="a">DLC</subfield>
    <subfield code="b">eng</subfield>
    <subfield code="c">DLC</subfield>
  </datafield>
  <datafield tag="100" ind1="1" ind2=" ">
    <subfield code="a">Fernández, Carmen Beatriz</subfield>
  </datafield>
  <datafield tag="670" ind1=" " ind2=" ">
    <subfield code="a">Fernández, Carmen Beatriz. Marketing político, 2003:</subfield>
    <subfield code="b">t.p. (Carmen Beatriz Fernández) back flap (city planner; master's degrees in bus. admin. and election campaigns; dir., consulting firm DataStrategia; invited prof. of postgrad. studies, on topics of political communication, Univ. Católica Andrés Bello and Inst. de Estudios Superiores de Administración)</subfield>
  </datafield>
</record>